
@Book{producing,
	author = "Karl Fogel",
	title = "Producing Open Source Software How to Run a Successful Free Software Project",
	publisher = "O'Reilly",
	year = "2005",
	edition = "1th"
}

@Book{introducaoslca,
	author = "Ângela Maria Alves",
	title = "Introdução à Produção de Software: Software Livre / Código Aberto (SL/CA)",
	publisher = "UFLA/FAEPE",
	year = "2005",
	edition = "1"
}

@Book{engenharia1,
	author = "Alexandre Marcos Lins de Vasconcelos",
	title = "Engenharia de Software para Software Livre 1",
	publisher = "UFLA/FAEPE",
	year = "2006",
	edition = "1"
}

@Book{procdesenv,
	author = "Alexandre Marcos Lins de Vasconcelos",
	title = "Produção de Software (com ênfase em Software Livre)",
	publisher = "UFLA/FAEPE",
	year = "2005",
	edition = "1"
}

@TechReport{issue,
author = {Walt Scacchi},
title = {Issue and Experiences in Modeling Open Source Software Development Process},
pages = {},
url = {http://www.ics.uci.edu/~wscacchi},
institution = {Institute for Software Research, University of California, Irvine},
year = {},
note = "Acessado em Janeiro de 2008"
}

@TechReport{experience,
author = {Chris Jensen and Walt Scacchi},
title = {Experiences in Discovering, Modeling, and Reenaction Open Source Software Development Process},
pages = {},
url = {http://www.ics.uci.edu/~wscacchi},
institution = {Institute for Software Research, University of California, Irvine},
year = {2005},
note = "Acessado em Janeiro de 2008"
}

@TechReport{guiding,
author = {Chris Jensen and Walt Scacchi},
title = {Guiding the Discovery of Open Source Software Process with a Reference Model},
pages = {},
url = {http://rotterdam.ics.uci.edu/papers/jensen-scacchi-oss07/Jensen-Scacchi-OSS2007.pdf},
institution = {Institute for Software Research, Bren School of Information and Computer Sciences
University of California, Irvine},
year = {2007},
note = "Acessado em Janeiro de 2008"
}

@TechReport{automation,
author = {Chris Jensen and Walt Scacchi},
title = {Automation the Discovering and Modeling of Open source Software Development Process},
pages = {},
url = {http://rotterdam.ics.uci.edu/papers/OSSE3-Jensen-Scacchi.pdf},
institution = {Institute for Software Research, University of California, Irvine},
year = {2003},
note = "Acessado em Janeiro de 2008"
}

@TechReport{reference,
author = {Chris Jensen and Walt Scacchi},
title = {Reference Model Based Open Source Software Process Discovery},
pages = {},
url = {http://www.ics.uci.edu/~wscacchi/},
institution = {Institute for Software Research, Bren School of Information and Computer Sciences
University of California, Irvine},
year = {},
note = "Acessado em Janeiro de 2008"
}

@TechReport{refframework,
author = {Chris Jensen and Walt Scacchi},
title = {Applying a Reference Framework to Open Source Software Discovery},
institution = {Institute for Software Research, University of California, Irvine},
url = {http://www.ics.uci.edu/~wscacchi/},
year = {},
note = "Acessado em Janeiro de 2008"
}

@TechReport{multimodal,
author = {Walt Scacchi, Chris Jensen, John Noll and Margaret Elliott},
title = {Multi Modal Modelling of Open Source Requirements Process},
institution = {Institute for Software Research, University of California, Irvine},
url = {http://www.ics.uci.edu/~wscacchi/},
year = {2005},
note = "Acessado em Janeiro de 2008"
}

@TechReport{reqcomefrom,
author = {Bart Massey},
title = {Where Do Open Source Requirements Come From (And What Should We Do About It)?},
institute = {Computer Science Department, Portland State University},
url = {},
year = {},
note = "Acessado em Janeiro de 2008"
}

@TechReport{comparative,
author = {Walt Scacchi},
title = {Software Development Practices in Open Software Development Communities: A Comparative Case Study},
pages = {},
institution = {Institute for Software Research, University of California, Irvine},
url = {http://www.ics.uci.edu/~wscacchi/},
year = {},
note = "Acessado em Janeiro de 2008"
}

@TechReport{modulardesign,
author = {Alessandro Narduzzo and Alessandro Rossi},
title = {Modular Design and the Development of Complex Artifacts: Lessons from Free/Open Source Software},
institute = {Free University of Bozen-Bolzano and University of Trento},
year = {},
}

@TechReport{preliminary,
author = {Peter C. Rigby and Daniel M. German},
title = {A preliminary examination of code review process in open source projects},
institute = {Software Engineering Group, Dept. of Computer Sciense, University of Victoria},
year = {2006},
}

@TechReport{workartifacts,
author = {Margaret Elliott, Mark S. Ackerman and Walt Scacchi},
title = {Knowledge Work Artifacts: Kernel Cousins for Free/Open Source Softwae Devevelopment},
institution = {Bren School of Information and Computer Sciences University of California, School of Information and Departament of Electrical Engineering and Computer Science University of Michigan},
year = {},
note = "Acessado em Janeiro de 2008"
}

@TechReport{building,
author = {Alan Kelon de Moraes, Silvio Lemos Meira, Jones Oliveira de Albuquerque},
title = {Building real FLOSS software factories: How o create development communities around outside requirements},
journal = {Center of Informatics - UFPE and Departament of Statistics and Informatics - UFRPE},
year = {},
}

@TechReport{acrossweb,
author = {Chris Jensen and Walt Scacchi},
title = {Process Modeling Across the Web Information Infraestructure},
institution = {Institute for Software Research, University of California, Irvine},
url = {http://www.ics.uci.edu/~wscacchi/},
year = {},
note = "Acessado em Janeiro de 2008"
}
